@InProceedings{lystad2019,
author="Celledoni, Elena
and Lystad, P{\aa}l Erik
and Tapia, Nikolas",
editor="Nielsen, Frank
and Barbaresco, Fr{\'e}d{\'e}ric",
title="Signatures in Shape Analysis: An Efficient Approach to Motion Identification",
booktitle="Geometric Science of Information",
year="2019",
publisher="Springer International Publishing",
address="Cham",
pages="21--30",
abstract="Signatures provide a succinct description of certain features of paths in a reparametrization invariant way. We propose a method for classifying shapes based on signatures, and compare it to current approaches based on the SRV transform and dynamic programming.",
isbn="978-3-030-26980-7"
}

